%---------------------------------------------------------------------
@online{rad-hard-pi,
    author = {John Keller},
    title = {Boeing to develop next-generation radiation-hardened space processor based on the ARM architecture},
    year={2017},
    howpublished = {\url{https://www.militaryaerospace.com/computers/article/16726308/boeing-to-develop-nextgeneration-radiationhardened-space-processor-based-on-the-arm-architecture}},
    urldate = {2019-08-17}
}

@online{klein-nishina,
    author = {S.M. Blinder},
    title = {Klein-Nishina Formula for Compton Effect},
    year = {2009},
    howpublished = {\url{https://demonstrations.wolfram.com/KleinNishinaFormulaForComptonEffect/}},
    urldate = {2019-08-17}
}

@online{chitable,
  author = {Chegg Inc.},
  title = {Selected Values of the Chi Square Distribution},
  year = 2019,
  howpublished = {\url{https://www.chegg.com/homework-help/questions-and-answers/table-124-selected-values-chi-square-distribution-area-probability-area-upper-tail-degrees-q28841985}},
  urldate = {2019-08-17}
}

@unpublished{APTmemo,
author  = {{Buckley, J. H.} and {Chen, W.}},
title   = {The Advanced Particle-astrophysics Telescope},
year    = {2018},
note    = {memo, unpublished},
}

@ARTICLE{GLAST,
   author = {{GLAST Facility Science Team} and {Gehrels}, N. and {Michelson}, P.
	},
    title = "{GLAST: the next-generation high energy gamma-ray astronomy mission}",
  journal = {Astroparticle Physics},
     year = 1999,
    month = jun,
   volume = 11,
    pages = {277-282},
      doi = {10.1016/S0927-6505(99)00066-3},
   adsurl = {https://ui.adsabs.harvard.edu/abs/1999APh....11..277G},
  adsnote = {Provided by the SAO/NASA Astrophysics Data System}
}

@article{ Boggs,
	author = {{Boggs, S. E.} and {Jean, P.}},
	title = {Event reconstruction in high resolution Compton telescopes},
	DOI= "10.1051/aas:2000107",
	url= "https://doi.org/10.1051/aas:2000107",
	journal = {Astron. Astrophys. Suppl. Ser.},
	year = 2000,
	volume = 145,
	number = 2,
	pages = "311-321",
}

@article{comptonThesis,
  title={Gamma-ray imaging and polarization measurement using 3-D positionsensitive CdZnTe detectors},
  author={Xu, Dan},
  journal={University of Michigan, Ann Arbor, MI, PhD Thesis},
  year={2006}
}